
@article{paradox,
	annote = {doi: 10.1016/j.cell.2008.09.035},
	author = {Wierzbicki, Andrzej T. and Haag, Jeremy R. and Pikaard, Craig S.},
	booktitle = {Cell},
	date-Added = {2017-10-05 12:40:50 +0000},
	date-Modified = {2017-10-05 12:41:37 +0000},
	doi = {10.1016/j.cell.2008.09.035},
	isbn = {0092-8674},
	journal = {Cell},
	month = {2017/10/05},
	number = {4},
	pages = {635--648},
	publisher = {Elsevier},
	title = {Noncoding Transcription by RNA Polymerase Pol IVb/Pol V Mediates Transcriptional Silencing of Overlapping and Adjacent Genes},
	ty = {JOUR},
	URL = {http://dx.doi.org/10.1016/j.cell.2008.09.035},
	volume = {135}
}

@article{Zhang130,
	author = {Zhang, Xiaoyu and Henderson, Ian R. and Lu, Cheng and Green, Pamela J. and Jacobsen, Steven E.}, 
	title = {Role of RNA polymerase IV in plant small RNA metabolism},
	volume = {104}, 
	number = {11}, 
	pages = {4536-4541}, 
	year = {2007}, 
	doi = {10.1073/pnas.0611456104}, 
	URL = {http://www.pnas.org/content/104/11/4536.abstract}, 
	eprint = {http://www.pnas.org/content/104/11/4536.full.pdf}, 
	journal = {Proceedings of the National Academy of Sciences} 
}

@article{Daxinger_2008,
	doi = {10.1016/j.cell.2008.10.027},
	URL = {https://doi.org/10.1016%2Fj.cell.2008.10.027},
	year = 2008,
	month = {nov},
	publisher = {Elsevier {BV}},
	volume = {135},
	number = {4},
	pages = {592--594},
	author = {Lucia Daxinger and Tatsuo Kanno and Marjori Matzke},
	title = {Pol V Transcribes to Silence},
	journal = {Cell}
}

@article{wierzbick1,
	title = {Noncoding Transcription by RNA Polymerase Pol IVb/Pol V Mediates Transcriptional Silencing of Overlapping and Adjacent Genes},
	journal = {Cell},
	volume = {135},
	number = {4},
	pages = {635 - 648},
	year = {2008},
	issn = {0092-8674},
	doi = {https://doi.org/10.1016/j.cell.2008.09.035},
	URL = {http://www.sciencedirect.com/science/article/pii/S0092867408011926},
	author = {Andrzej T. Wierzbicki and Jeremy R. Haag and Craig S. Pikaard}
}

@article{subunits,
	An = {PMC4618083},
	Author = {Zhou, Ming and Law, Julie A},
	Date = {2015/10/},
	Date-Added = {2017-10-06 07:54:05 +0000},
	Date-Modified = {2017-10-06 07:54:05 +0000},
	Db = {PMC},
	Doi = {10.1016/j.pbi.2015.07.005},
	Isbn = {1369-5266; 1879-0356},
	J1 = {Curr Opin Plant Biol},
	Journal = {Current opinion in plant biology},
	Month = {10},
	Pages = {154--164},
	Title = {RNA Pol IV and V in Gene Silencing: Rebel Polymerases Evolving Away From Pol II's Rules},
	Ty = {JOUR},
	U1 = {26344361{$[$}pmid{$]$}},
	URL = {http://www.ncbi.nlm.nih.gov/pmc/articles/PMC4618083/},
	Volume = {27},
	Year = {2015},
	Year1 = {2015/09/05},
	Bdsk-Url-1 = {http://www.ncbi.nlm.nih.gov/pmc/articles/PMC4618083/},
	Bdsk-Url-2 = {http://dx.doi.org/10.1016/j.pbi.2015.07.005}
}

@article{Wendte2017,
	title = "Functional Dissection of the Pol V Largest Subunit \{CTD\} in RNA-Directed \{DNA\} Methylation ",
	journal = "Cell Reports ",
	volume = "19",
	number = "13",
	pages = "2796 - 2808",
	year = "2017",
	note = "",
	issn = "2211-1247",
	doi = "https://doi.org/10.1016/j.celrep.2017.05.091",
	url = "http://www.sciencedirect.com/science/article/pii/S2211124717307829",
	author = "Jered M. Wendte and Jeremy R. Haag and Jasleen Singh and Anastasia McKinlay and Olga M. Pontes and Craig S. Pikaard",
	keywords = "gene silencing",
	keywords = "cytosine methylation",
	keywords = "chromatin modification",
	keywords = "Pol V transcription",
	keywords = "noncoding RNA",
	keywords = "siRNA "
}

@article{PIKAARD2008,
	title = "Roles of RNA polymerase IV in gene silencing",
	journal = "Trends in Plant Science",
	volume = "13",
	number = "7",
	pages = "390 - 397",
	year = "2008",
	issn = "1360-1385",
	doi = "https://doi.org/10.1016/j.tplants.2008.04.008",
	url = "http://www.sciencedirect.com/science/article/pii/S1360138508001398",
	author = "Craig S. Pikaard and Jeremy R. Haag and Thomas Ream and Andrzej T. Wierzbicki"
}

@Article{Xu2013,
	author="Xu, Chi
	and Tian, Jing
	and Mo, Beixin",
	title="siRNA-mediated DNA methylation and H3K9 dimethylation in plants",
	journal="Protein {\&} Cell",
	year="2013",
	month="Sep",
	day="01",
	volume="4",
	number="9",
	pages="656--663",
	issn="1674-8018",
	doi="10.1007/s13238-013-3052-7",
	url="https://doi.org/10.1007/s13238-013-3052-7"
}

@article{ONODERA2005,
	title = "Plant Nuclear RNA Polymerase IV Mediates siRNA and DNA Methylation-Dependent Heterochromatin Formation",
	journal = "Cell",
	volume = "120",
	number = "5",
	pages = "613 - 622",
	year = "2005",
	issn = "0092-8674",
	doi = "https://doi.org/10.1016/j.cell.2005.02.007",
	url = "http://www.sciencedirect.com/science/article/pii/S0092867405001510",
	author = "Yasuyuki Onodera and Jeremy R. Haag and Thomas Ream and Pedro Costa Nunes and Olga Pontes and Craig S. Pikaard"
}

@article{REAM2009,
	title = "Subunit Compositions of the RNA-Silencing Enzymes Pol IV and Pol V Reveal Their Origins as Specialized Forms of RNA Polymerase II",
	journal = "Molecular Cell",
	volume = "33",
	number = "2",
	pages = "192 - 203",
	year = "2009",
	issn = "1097-2765",
	doi = "https://doi.org/10.1016/j.molcel.2008.12.015",
	url = "http://www.sciencedirect.com/science/article/pii/S1097276508008587",
	author = "Thomas S. Ream and Jeremy R. Haag and Andrzej T. Wierzbicki and Carrie D. Nicora and Angela D. Norbeck and Jian-Kang Zhu and Gretchen Hagen and Thomas J. Guilfoyle and Ljiljana Paša-Tolić and Craig S. Pikaard",
	keywords = "DNA",
	keywords = "RNA"
}

@article{STROUD2012,
	Annote = {doi: 10.1016/j.cell.2012.10.054},
	Author = {Stroud, Hume and Greenberg, Maxim V. C. and Feng, Suhua and Bernatavichute, Yana V. and Jacobsen, Steven E.},
	Booktitle = {Cell},
	Date-Added = {2017-10-14 21:01:42 +0000},
	Date-Modified = {2017-10-14 21:01:42 +0000},
	Doi = {10.1016/j.cell.2012.10.054},
	Isbn = {0092-8674},
	Journal = {Cell},
	M3 = {doi: 10.1016/j.cell.2012.10.054},
	Month = {2017/10/14},
	Number = {1},
	Pages = {352--364},
	Publisher = {Elsevier},
	Title = {Comprehensive Analysis of Silencing Mutants Reveals Complex Regulation of the <em>Arabidopsis</em> Methylome},
	Ty = {JOUR},
	Url = {http://dx.doi.org/10.1016/j.cell.2012.10.054},
	Volume = {152},
	Bdsk-Url-1 = {http://dx.doi.org/10.1016/j.cell.2012.10.054}}
